@article{alsop2020shipment,
	title={Shipment forecast of tablets, laptops and desktop PCs worldwide from 2010 to 2024 (in million units)},
	author={Alsop, Thomas},
	journal={Statista},
	year={2020}
}

@misc{hololens2,
	title={Hololens2},
	url={https://www.microsoft.com/en-us/hololens},
	year={2021}
}

@inproceedings{gu2019accurate,
	title={Accurate and low-latency sensing of touch contact on any surface with finger-worn imu sensor},
	author={Gu, Yizheng and Yu, Chun and Li, Zhipeng and Li, Weiqi and Xu, Shuchang and Wei, Xiaoying and Shi, Yuanchun},
	booktitle={Proceedings of the 32nd Annual ACM Symposium on User Interface Software and Technology},
	pages={1059--1070},
	year={2019}
}

@inproceedings{jakobsen2015should,
	title={Should I stay or should I go? Selecting between touch and mid-air gestures for large-display interaction},
	author={Jakobsen, Mikkel R and Jansen, Yvonne and Boring, Sebastian and Hornb{\ae}k, Kasper},
	booktitle={IFIP Conference on Human-Computer Interaction},
	pages={455--473},
	year={2015},
	organization={Springer}
}

@inproceedings{jota2013fast,
	title={How fast is fast enough? a study of the effects of latency in direct-touch pointing tasks},
	author={Jota, Ricardo and Ng, Albert and Dietz, Paul and Wigdor, Daniel},
	booktitle={Proceedings of the sigchi conference on human factors in computing systems},
	pages={2291--2300},
	year={2013}
}

@inproceedings{miller1968response,
	title={Response time in man-computer conversational transactions},
	author={Miller, Robert B},
	booktitle={Proceedings of the December 9-11, 1968, fall joint computer conference, part I},
	pages={267--277},
	year={1968}
}

@inproceedings{ng2012designing,
	title={Designing for low-latency direct-touch input},
	author={Ng, Albert and Lepinski, Julian and Wigdor, Daniel and Sanders, Steven and Dietz, Paul},
	booktitle={Proceedings of the 25th annual ACM symposium on User interface software and technology},
	pages={453--464},
	year={2012}
}

@article{grudin2001integrating,
	title={Integrating paper and digital information on EnhancedDesk: a method for realtime finger tracking on an augmented desk system},
	author={Grudin, Jonathan},
	journal={ACM Transactions on Computer-Human Interaction (TOCHI)},
	volume={8},
	number={4},
	pages={307--322},
	year={2001},
	publisher={ACM New York, NY, USA}
}

@inproceedings{paradiso2002passive,
	title={Passive acoustic sensing for tracking knocks atop large interactive displays},
	author={Paradiso, Joseph A and Leo, Che King and Checka, Nisha and Hsiao, Kaijen},
	booktitle={SENSORS, 2002 IEEE},
	volume={1},
	pages={521--527},
	year={2002},
	organization={IEEE}
}

@inproceedings{xia2014zero,
	title={Zero-latency tapping: using hover information to predict touch locations and eliminate touchdown latency},
	author={Xia, Haijun and Jota, Ricardo and McCanny, Benjamin and Yu, Zhe and Forlines, Clifton and Singh, Karan and Wigdor, Daniel},
	booktitle={Proceedings of the 27th annual ACM symposium on User interface software and technology},
	pages={205--214},
	year={2014}
}

@inproceedings{leigh2014high,
	title={High rate, low-latency multi-touch sensing with simultaneous orthogonal multiplexing},
	author={Leigh, Darren and Forlines, Clifton and Jota, Ricardo and Sanders, Steven and Wigdor, Daniel},
	booktitle={Proceedings of the 27th annual ACM symposium on User interface software and technology},
	pages={355--364},
	year={2014}
}

@article{xu2020recognizing,
	title={Recognizing unintentional touch on interactive tabletop},
	author={Xu, Xuhai and Yu, Chun and Wang, Yuntao and Shi, Yuanchun},
	journal={Proceedings of the ACM on Interactive, Mobile, Wearable and Ubiquitous Technologies},
	volume={4},
	number={1},
	pages={1--24},
	year={2020},
	publisher={ACM New York, NY, USA}
}

@inproceedings{gu2021typeboard,
	title={TypeBoard: Identifying Unintentional Touch on Pressure-Sensitive Touchscreen Keyboards},
	author={Gu, Yizheng and Yu, Chun and Chen, Xuanzhong and Li, Zhuojun and Shi, Yuanchun},
	booktitle={The 34th Annual ACM Symposium on User Interface Software and Technology},
	pages={568--581},
	year={2021}
}

@inproceedings{matero2012identifying,
	title={Identifying unintentional touches on handheld touch screen devices},
	author={Matero, Juha and Colley, Ashley},
	booktitle={Proceedings of the designing interactive systems conference},
	pages={506--509},
	year={2012}
}

@article{xiao2018mrtouch,
	title={MRTouch: Adding touch input to head-mounted mixed reality},
	author={Xiao, Robert and Schwarz, Julia and Throm, Nick and Wilson, Andrew D and Benko, Hrvoje},
	journal={IEEE transactions on visualization and computer graphics},
	volume={24},
	number={4},
	pages={1653--1660},
	year={2018},
	publisher={IEEE}
}

@inproceedings{lam2002mids,
	title={MIDS: micro input devices system using MEMS sensors},
	author={Lam, Alan HF and Li, Wen Jung and Liu, Yunhui and Xi, Ning},
	booktitle={IEEE/RSJ International Conference on Intelligent Robots and Systems},
	volume={2},
	pages={1184--1189},
	year={2002},
	organization={IEEE}
}

@inproceedings{oh2017anywheretouch,
	title={Anywheretouch: Finger tracking method on arbitrary surface using nailed-mounted imu for mobile hmd},
	author={Oh, Ju Young and Lee, Jun and Lee, Joong Ho and Park, Ji Hyung},
	booktitle={International Conference on Human-Computer Interaction},
	pages={185--191},
	year={2017},
	organization={Springer}
}

@article{yi2017too,
	title={Is it too small?: Investigating the performances and preferences of users when typing on tiny QWERTY keyboards},
	author={Yi, Xin and Yu, Chun and Shi, Weinan and Shi, Yuanchun},
	journal={International Journal of Human-Computer Studies},
	volume={106},
	pages={44--62},
	year={2017},
	publisher={Elsevier}
}

@inproceedings{berard2012measuring,
	title={Measuring the linear and rotational user precision in touch pointing},
	author={B{\'e}rard, Fran{\c{c}}ois and Rochet-Capellan, Am{\'e}lie},
	booktitle={Proceedings of the 2012 ACM international conference on Interactive tabletops and surfaces},
	pages={183--192},
	year={2012}
}

@article{downs2005using,
	title={Using resistive touch screens for human/machine interface},
	author={Downs, Rick},
	journal={Analog Applications Journal Q},
	volume={3},
	pages={5--10},
	year={2005}
}

@article{hecht2009carbon,
	title={Carbon-nanotube film on plastic as transparent electrode for resistive touch screens},
	author={Hecht, David S and Thomas, David and Hu, Liangbing and Ladous, Corinne and Lam, Tom and Park, Youngbae and Irvin, Glen and Drzaic, Paul},
	journal={Journal of the Society for information Display},
	volume={17},
	number={11},
	pages={941--946},
	year={2009},
	publisher={Wiley Online Library}
}

@article{lee1985multi,
	title={A multi-touch three dimensional touch-sensitive tablet},
	author={Lee, SK and Buxton, William and Smith, KC},
	journal={Acm Sigchi Bulletin},
	volume={16},
	number={4},
	pages={21--25},
	year={1985},
	publisher={ACM New York, NY, USA}
}

@inproceedings{wang2009empirical,
	title={Empirical evaluation for finger input properties in multi-touch interaction},
	author={Wang, Feng and Ren, Xiangshi},
	booktitle={Proceedings of the SIGCHI Conference on Human Factors in Computing Systems},
	pages={1063--1072},
	year={2009}
}

@inproceedings{han2005low,
	title={Low-cost multi-touch sensing through frustrated total internal reflection},
	author={Han, Jefferson Y},
	booktitle={Proceedings of the 18th annual ACM symposium on User interface software and technology},
	pages={115--118},
	year={2005}
}

@inproceedings{matsushita1997holowall,
	title={HoloWall: designing a finger, hand, body, and object sensitive wall},
	author={Matsushita, Nobuyuki and Rekimoto, Jun},
	booktitle={Proceedings of the 10th annual ACM symposium on User interface software and technology},
	pages={209--210},
	year={1997}
}

@inproceedings{wilson2004touchlight,
	title={TouchLight: an imaging touch screen and display for gesture-based interaction},
	author={Wilson, Andrew D},
	booktitle={Proceedings of the 6th international conference on Multimodal interfaces},
	pages={69--76},
	year={2004}
}

@inproceedings{xiao2014toffee,
	title={Toffee: enabling ad hoc, around-device interaction with acoustic time-of-arrival correlation},
	author={Xiao, Robert and Lew, Greg and Marsanico, James and Hariharan, Divya and Hudson, Scott and Harrison, Chris},
	booktitle={Proceedings of the 16th international conference on Human-computer interaction with mobile devices \& services},
	pages={67--76},
	year={2014}
}

@article{paradiso2000sensor,
	title={Sensor systems for interactive surfaces},
	author={Paradiso, Joseph A and Hsiao, Kai-yuh and Strickon, Joshua and Lifton, Joshua and Adler, Ari},
	journal={IBM Systems Journal},
	volume={39},
	number={3.4},
	pages={892--914},
	year={2000},
	publisher={IBM}
}

@inproceedings{agarwal2007high,
	title={High precision multi-touch sensing on surfaces using overhead cameras},
	author={Agarwal, Ankur and Izadi, Shahram and Chandraker, Manmohan and Blake, Andrew},
	booktitle={Second Annual IEEE International Workshop on Horizontal Interactive Human-Computer Systems (TABLETOP'07)},
	pages={197--200},
	year={2007},
	organization={IEEE}
}

@inproceedings{chang2005real,
	title={Real time hand tracking based on active contour model},
	author={Chang, Jae Sik and Kim, Eun Yi and Jung, KeeChul and Kim, Hang Joon},
	booktitle={International Conference on Computational Science and Its Applications},
	pages={999--1006},
	year={2005},
	organization={Springer}
}

@inproceedings{letessier2004visual,
	title={Visual tracking of bare fingers for interactive surfaces},
	author={Letessier, Julien and B{\'e}rard, Fran{\c{c}}ois},
	booktitle={Proceedings of the 17th annual ACM symposium on User interface software and technology},
	pages={119--122},
	year={2004}
}

@inproceedings{sugita2008touch,
	title={Touch sensing by image analysis of fingernail},
	author={Sugita, Naoki and Iwai, Daisuke and Sato, Kosuke},
	booktitle={2008 SICE Annual Conference},
	pages={1520--1525},
	year={2008},
	organization={IEEE}
}

@inproceedings{saba2012dante,
	title={Dante vision: In-air and touch gesture sensing for natural surface interaction with combined depth and thermal cameras},
	author={Saba, Elliot N and Larson, Eric C and Patel, Shwetak N},
	booktitle={2012 IEEE International Conference on Emerging Signal Processing Applications},
	pages={167--170},
	year={2012},
	organization={IEEE}
}

@inproceedings{xiao2016direct,
	title={Direct: Making touch tracking on ordinary surfaces practical with hybrid depth-infrared sensing},
	author={Xiao, Robert and Hudson, Scott and Harrison, Chris},
	booktitle={Proceedings of the 2016 ACM International Conference on Interactive Surfaces and Spaces},
	pages={85--94},
	year={2016}
}

@inproceedings{benko2012miragetable,
	title={Miragetable: freehand interaction on a projected augmented reality tabletop},
	author={Benko, Hrvoje and Jota, Ricardo and Wilson, Andrew},
	booktitle={Proceedings of the SIGCHI conference on human factors in computing systems},
	pages={199--208},
	year={2012}
}

@inproceedings{wilson2010combining,
	title={Combining multiple depth cameras and projectors for interactions on, above and between surfaces},
	author={Wilson, Andrew D and Benko, Hrvoje},
	booktitle={Proceedings of the 23nd annual ACM symposium on User interface software and technology},
	pages={273--282},
	year={2010}
}

@inproceedings{harrison2011omnitouch,
	title={OmniTouch: wearable multitouch interaction everywhere},
	author={Harrison, Chris and Benko, Hrvoje and Wilson, Andrew D},
	booktitle={Proceedings of the 24th annual ACM symposium on User interface software and technology},
	pages={441--450},
	year={2011}
}

@inproceedings{newcombe2011kinectfusion,
	title={Kinectfusion: Real-time dense surface mapping and tracking},
	author={Newcombe, Richard A and Izadi, Shahram and Hilliges, Otmar and Molyneaux, David and Kim, David and Davison, Andrew J and Kohi, Pushmeet and Shotton, Jamie and Hodges, Steve and Fitzgibbon, Andrew},
	booktitle={2011 10th IEEE international symposium on mixed and augmented reality},
	pages={127--136},
	year={2011},
	organization={IEEE}
}

@article{shi2020ready,
	title={Ready, steady, touch! sensing physical contact with a finger-mounted IMU},
	author={Shi, Yilei and Zhang, Haimo and Zhao, Kaixing and Cao, Jiashuo and Sun, Mengmeng and Nanayakkara, Suranga},
	journal={Proceedings of the ACM on Interactive, Mobile, Wearable and Ubiquitous Technologies},
	volume={4},
	number={2},
	pages={1--25},
	year={2020},
	publisher={ACM New York, NY, USA}
}

@inproceedings{meier2021tapld,
	title={TaplD: Rapid Touch Interaction in Virtual Reality using Wearable Sensing},
	author={Meier, Manuel and Streli, Paul and Fender, Andreas and Holz, Christian},
	booktitle={2021 IEEE Virtual Reality and 3D User Interfaces (VR)},
	pages={519--528},
	year={2021},
	organization={IEEE}
}

@article{gu2020qwertyring,
	title={QwertyRing: Text Entry on Physical Surfaces Using a Ring},
	author={Gu, Yizheng and Yu, Chun and Li, Zhipeng and Li, Zhaoheng and Wei, Xiaoying and Shi, Yuanchun},
	journal={Proceedings of the ACM on Interactive, Mobile, Wearable and Ubiquitous Technologies},
	volume={4},
	number={4},
	pages={1--29},
	year={2020},
	publisher={ACM New York, NY, USA}
}

@inproceedings{masson2017whichfingers,
	title={Whichfingers: identifying fingers on touch surfaces and keyboards using vibration sensors},
	author={Masson, Damien and Goguey, Alix and Malacria, Sylvain and Casiez, G{\'e}ry},
	booktitle={Proceedings of the 30th Annual ACM Symposium on User Interface Software and Technology},
	pages={41--48},
	year={2017}
}

@article{stearns2018touchcam,
	title={TouchCam: Realtime Recognition of Location-Specific On-Body Gestures to Support Users with Visual Impairments},
	author={Stearns, Lee and Oh, Uran and Findlater, Leah and Froehlich, Jon E},
	journal={Proceedings of the ACM on Interactive, Mobile, Wearable and Ubiquitous Technologies},
	volume={1},
	number={4},
	pages={1--23},
	year={2018},
	publisher={ACM New York, NY, USA}
}

@inproceedings{niikura2014anywhere,
	title={Anywhere surface touch: utilizing any surface as an input area},
	author={Niikura, Takehiro and Watanabe, Yoshihiro and Ishikawa, Masatoshi},
	booktitle={Proceedings of the 5th Augmented Human International Conference},
	pages={1--8},
	year={2014}
}

@inproceedings{heo2011forcetap,
	title={Forcetap: extending the input vocabulary of mobile touch screens by adding tap gestures},
	author={Heo, Seongkook and Lee, Geehyuk},
	booktitle={Proceedings of the 13th International Conference on Human Computer Interaction with Mobile Devices and Services},
	pages={113--122},
	year={2011}
}

@incollection{iwasaki2009expressive},
	title={Expressive typing: a new way to sense typing pressure and its applications},
	author={Iwasaki, Ken and Miyaki, Takashi and Rekimoto, Jun},
	booktitle={CHI'09 Extended Abstracts on Human Factors in Computing Systems},
	pages={4369--4374},
	year={2009}
}

@inproceedings{kane2009bonfire,
	title={Bonfire: a nomadic system for hybrid laptop-tabletop interaction},
	author={Kane, Shaun K and Avrahami, Daniel and Wobbrock, Jacob O and Harrison, Beverly and Rea, Adam D and Philipose, Matthai and LaMarca, Anthony},
	booktitle={Proceedings of the 22nd annual ACM symposium on User interface software and technology},
	pages={129--138},
	year={2009}
}

@inproceedings{ko2020modeling,
	title={Modeling Two Dimensional Touch Pointing},
	author={Ko, Yu-Jung and Zhao, Hang and Kim, Yoonsang and Ramakrishnan, IV and Zhai, Shumin and Bi, Xiaojun},
	booktitle={Proceedings of the 33rd Annual ACM Symposium on User Interface Software and Technology},
	pages={858--868},
	year={2020}
}

@article{fitts1954information,
	title={The information capacity of the human motor system in controlling the amplitude of movement.},
	author={Fitts, Paul M},
	journal={Journal of experimental psychology},
	volume={47},
	number={6},
	pages={381},
	year={1954},
	publisher={American Psychological Association}
}

@inproceedings{bi2013ffitts,
	title={FFitts law: modeling finger touch with fitts' law},
	author={Bi, Xiaojun and Li, Yang and Zhai, Shumin},
	booktitle={Proceedings of the SIGCHI Conference on Human Factors in Computing Systems},
	pages={1363--1372},
	year={2013}
}

@article{butzler2012bivariate,
	title={Bivariate pointing movements on large touch screens: Investigating the validity of a refined Fitts’ Law},
	author={B{\"u}tzler, Jennifer and Vetter, Sebastian and Jochems, Nicole and Schlick, Christopher M},
	journal={Work},
	volume={41},
	number={Supplement 1},
	pages={3526--3532},
	year={2012},
	publisher={IOS Press}
}

@article{el2018evaluating,
	title={Evaluating Fitts’ law on vibrating touch-screen to improve visual data accessibility for blind users},
	author={El Lahib, Manahel and Tekli, Joe and Issa, Youssef Bou},
	journal={International Journal of Human-Computer Studies},
	volume={112},
	pages={16--27},
	year={2018},
	publisher={Elsevier}
}

@inproceedings{vetter2011fitts,
	title={Fitts’ law in bivariate pointing on large touch screens: Age-differentiated analysis of motion angle effects on movement times and error rates},
	author={Vetter, Sebastian and B{\"u}tzler, Jennifer and Jochems, Nicole and Schlick, Christopher M},
	booktitle={International Conference on Universal Access in Human-Computer Interaction},
	pages={620--628},
	year={2011},
	organization={Springer}
}

@incollection{mackenzie1995movement,
	title={Movement time prediction in human-computer interfaces},
	author={MacKenzie, I Scott},
	booktitle={Readings in human--computer interaction},
	pages={483--493},
	year={1995},
	publisher={Elsevier}
}

@inproceedings{wobbrock2008error,
	title={An error model for pointing based on Fitts' law},
	author={Wobbrock, Jacob O and Cutrell, Edward and Harada, Susumu and MacKenzie, I Scott},
	booktitle={Proceedings of the SIGCHI conference on human factors in computing systems},
	pages={1613--1622},
	year={2008}
}

@article{uno1989formation,
	title={Formation and control of optimal trajectory in human multijoint arm movement},
	author={Uno, Yoji and Kawato, Mitsuo and Suzuki, Rika},
	journal={Biological cybernetics},
	volume={61},
	number={2},
	pages={89--101},
	year={1989},
	publisher={Springer}
}

@article{flash1985coordination,
	title={The coordination of arm movements: an experimentally confirmed mathematical model},
	author={Flash, Tamar and Hogan, Neville},
	journal={Journal of neuroscience},
	volume={5},
	number={7},
	pages={1688--1703},
	year={1985},
	publisher={Soc Neuroscience}
}

@article{galloway2002general,
	title={General coordination of shoulder, elbow and wrist dynamics during multijoint arm movements},
	author={Galloway, James C and Koshland, Gail F},
	journal={Experimental brain research},
	volume={142},
	number={2},
	pages={163--180},
	year={2002},
	publisher={Springer}
}

@inproceedings{le2018palmtouch,
	title={PalmTouch: Using the palm as an additional input modality on commodity smartphones},
	author={Le, Huy Viet and Kosch, Thomas and Bader, Patrick and Mayer, Sven and Henze, Niels},
	booktitle={Proceedings of the 2018 CHI Conference on Human Factors in Computing Systems},
	pages={1--13},
	year={2018}
}

@article{nelson1983physical,
	title={Physical principles for economies of skilled movements},
	author={Nelson, Winston L},
	journal={Biological cybernetics},
	volume={46},
	number={2},
	pages={135--147},
	year={1983},
	publisher={Springer}
}

@article{welford1968fundamentals,
	title={Fundamentals of skill.},
	author={Welford, Alan Traviss},
	year={1968},
	publisher={Methuen}
}

@article{kopper2010human,
	title={A human motor behavior model for distal pointing tasks},
	author={Kopper, Regis and Bowman, Doug A and Silva, Mara G and McMahan, Ryan P},
	journal={International journal of human-computer studies},
	volume={68},
	number={10},
	pages={603--615},
	year={2010},
	publisher={Elsevier}
}

@incollection{kopp1962pontryagin,
	title={Pontryagin maximum principle},
	author={Kopp, Richard E},
	booktitle={Mathematics in Science and Engineering},
	volume={5},
	pages={255--279},
	year={1962},
	publisher={Elsevier}
}

@book{lewis2012optimal,
	title={Optimal control},
	author={Lewis, Frank L and Vrabie, Draguna and Syrmos, Vassilis L},
	year={2012},
	publisher={John Wiley \& Sons}
}

@book{kamien2012dynamic,
	title={Dynamic optimization: the calculus of variations and optimal control in economics and management},
	author={Kamien, Morton I and Schwartz, Nancy Lou},
	year={2012},
	publisher={courier corporation}
}

@article{ross2020optimal,
	title={An Optimal Control Theory for the Traveling Salesman Problem and Its Variants},
	author={Ross, Isaac Michael and Proulx, Ronald J and Karpenko, Mark},
	journal={arXiv preprint arXiv:2005.03186},
	year={2020}
}

@article{ross2016nonsmooth,
	title={A nonsmooth calculus for solving some graph-theoretic control problems},
	author={Ross, Isaac M and Karpenko, Mark and Proulx, Ronald J},
	journal={IFAC-PapersOnLine},
	volume={49},
	number={18},
	pages={462--467},
	year={2016},
	publisher={Elsevier}
}

@inproceedings{cao2008shapetouch,
	title={ShapeTouch: Leveraging contact shape on interactive surfaces},
	author={Cao, Xiang and Wilson, Andrew D and Balakrishnan, Ravin and Hinckley, Ken and Hudson, Scott E},
	booktitle={2008 3rd IEEE international workshop on horizontal interactive human computer systems},
	pages={129--136},
	year={2008},
	organization={IEEE}
}

@inproceedings{harrison2011tapsense,
	title={TapSense: enhancing finger interaction on touch surfaces},
	author={Harrison, Chris and Schwarz, Julia and Hudson, Scott E},
	booktitle={Proceedings of the 24th annual ACM symposium on User interface software and technology},
	pages={627--636},
	year={2011}
}

@inproceedings{ramos2004pressure,
	title={Pressure widgets},
	author={Ramos, Gonzalo and Boulos, Matthew and Balakrishnan, Ravin},
	booktitle={Proceedings of the SIGCHI conference on Human factors in computing systems},
	pages={487--494},
	year={2004}
}

@incollection{heo2011force,
	title={Force gestures: augmented touch screen gestures using normal and tangential force},
	author={Heo, Seongkook and Lee, Geehyuk},
	booktitle={CHI'11 Extended Abstracts on Human Factors in Computing Systems},
	pages={1909--1914},
	year={2011}
}

@inproceedings{roudaut2009microrolls,
	title={MicroRolls: expanding touch-screen input vocabulary by distinguishing rolls vs. slides of the thumb},
	author={Roudaut, Anne and Lecolinet, Eric and Guiard, Yves},
	booktitle={Proceedings of the SIGCHI Conference on Human Factors in Computing Systems},
	pages={927--936},
	year={2009}
}

@inproceedings{xiao2015estimating,
	title={Estimating 3d finger angle on commodity touchscreens},
	author={Xiao, Robert and Schwarz, Julia and Harrison, Chris},
	booktitle={Proceedings of the 2015 International Conference on Interactive Tabletops \& Surfaces},
	pages={47--50},
	year={2015}
}

@article{badger2018capacitive,
	title={Capacitive Sensing Library-Arduino PlayGround},
	author={Badger, Paul},
	year={2018}
}

@inproceedings{de2016skeleton,
	title={Skeleton-based dynamic hand gesture recognition},
	author={De Smedt, Quentin and Wannous, Hazem and Vandeborre, Jean-Philippe},
	booktitle={Proceedings of the IEEE Conference on Computer Vision and Pattern Recognition Workshops},
	pages={1--9},
	year={2016}
}

@inproceedings{ge2018hand,
	title={Hand pointnet: 3d hand pose estimation using point sets},
	author={Ge, Liuhao and Cai, Yujun and Weng, Junwu and Yuan, Junsong},
	booktitle={Proceedings of the IEEE Conference on Computer Vision and Pattern Recognition},
	pages={8417--8426},
	year={2018}
}

@inproceedings{spurr2018cross,
	title={Cross-modal deep variational hand pose estimation},
	author={Spurr, Adrian and Song, Jie and Park, Seonwook and Hilliges, Otmar},
	booktitle={Proceedings of the IEEE Conference on Computer Vision and Pattern Recognition},
	pages={89--98},
	year={2018}
}

@inproceedings{yuan2018depth,
	title={Depth-based 3d hand pose estimation: From current achievements to future goals},
	author={Yuan, Shanxin and Garcia-Hernando, Guillermo and Stenger, Bj{\"o}rn and Moon, Gyeongsik and Chang, Ju Yong and Lee, Kyoung Mu and Molchanov, Pavlo and Kautz, Jan and Honari, Sina and Ge, Liuhao and others},
	booktitle={Proceedings of the IEEE Conference on Computer Vision and Pattern Recognition},
	pages={2636--2645},
	year={2018}
}

@article{madgwick2010efficient,
	title={An efficient orientation filter for inertial and inertial/magnetic sensor arrays},
	author={Madgwick, Sebastian},
	journal={Report x-io and University of Bristol (UK)},
	volume={25},
	pages={113--118},
	year={2010}
}

@inproceedings{gupta2018ensemble,
	title={An ensemble model for breast cancer prediction using sequential least squares programming method (slsqp)},
	author={Gupta, Madhuri and Gupta, Bharat},
	booktitle={2018 Eleventh International Conference on Contemporary Computing (IC3)},
	pages={1--3},
	year={2018},
	organization={IEEE}
}

@inproceedings{yu2017tap,
	title={Tap, dwell or gesture? Exploring head-based text entry techniques for HMDs},
	author={Yu, Chun and Gu, Yizheng and Yang, Zhican and Yi, Xin and Luo, Hengliang and Shi, Yuanchun},
	booktitle={Proceedings of the 2017 CHI Conference on Human Factors in Computing Systems},
	pages={4479--4488},
	year={2017}
}

@inproceedings{gupta2019rotoswype,
	title={Rotoswype: Word-gesture typing using a ring},
	author={Gupta, Aakar and Ji, Cheng and Yeo, Hui-Shyong and Quigley, Aaron and Vogel, Daniel},
	booktitle={Proceedings of the 2019 CHI Conference on Human Factors in Computing Systems},
	pages={1--12},
	year={2019}
}

@inproceedings{grossman2015typing,
	title={Typing on glasses: Adapting text entry to smart eyewear},
	author={Grossman, Tovi and Chen, Xiang Anthony and Fitzmaurice, George},
	booktitle={Proceedings of the 17th International Conference on Human-Computer Interaction with Mobile Devices and Services},
	pages={144--152},
	year={2015}
}

@inproceedings{yu2016one,
	title={One-dimensional handwriting: Inputting letters and words on smart glasses},
	author={Yu, Chun and Sun, Ke and Zhong, Mingyuan and Li, Xincheng and Zhao, Peijun and Shi, Yuanchun},
	booktitle={Proceedings of the 2016 CHI Conference on Human Factors in Computing Systems},
	pages={71--82},
	year={2016}
}

@article{lu2017blindtype,
	title={Blindtype: Eyes-free text entry on handheld touchpad by leveraging thumb's muscle memory},
	author={Lu, Yiqin and Yu, Chun and Yi, Xin and Shi, Yuanchun and Zhao, Shengdong},
	journal={Proceedings of the ACM on Interactive, Mobile, Wearable and Ubiquitous Technologies},
	volume={1},
	number={2},
	pages={1--24},
	year={2017},
	publisher={ACM New York, NY, USA}
}

@inproceedings{kienzle2014lightring,
	title={LightRing: always-available 2D input on any surface},
	author={Kienzle, Wolf and Hinckley, Ken},
	booktitle={Proceedings of the 27th annual ACM symposium on User interface software and technology},
	pages={157--160},
	year={2014}
}

@inproceedings{markussen2013selection,
	title={Selection-based mid-air text entry on large displays},
	author={Markussen, Anders and Jakobsen, Mikkel R and Hornb{\ae}k, Kasper},
	booktitle={IFIP Conference on Human-Computer Interaction},
	pages={401--418},
	year={2013},
	organization={Springer}
}

@inproceedings{schick2012vision,
	title={Vision-based handwriting recognition for unrestricted text input in mid-air},
	author={Schick, Alexander and Morlock, Daniel and Amma, Christoph and Schultz, Tanja and Stiefelhagen, Rainer},
	booktitle={Proceedings of the 14th ACM international conference on Multimodal interaction},
	pages={217--220},
	year={2012}
}

@inproceedings{oney2013zoomboard,
	title={ZoomBoard: a diminutive qwerty soft keyboard using iterative zooming for ultra-small devices},
	author={Oney, Stephen and Harrison, Chris and Ogan, Amy and Wiese, Jason},
	booktitle={Proceedings of the SIGCHI Conference on Human Factors in Computing Systems},
	pages={2799--2802},
	year={2013}
}

@inproceedings{yi2017compass,
	title={COMPASS: Rotational keyboard on non-touch smartwatches},
	author={Yi, Xin and Yu, Chun and Xu, Weijie and Bi, Xiaojun and Shi, Yuanchun},
	booktitle={Proceedings of the 2017 CHI Conference on Human Factors in Computing Systems},
	pages={705--715},
	year={2017}
}

@inproceedings{chen2014swipeboard,
	title={Swipeboard: a text entry technique for ultra-small interfaces that supports novice to expert transitions},
	author={Chen, Xiang'Anthony' and Grossman, Tovi and Fitzmaurice, George},
	booktitle={Proceedings of the 27th annual ACM symposium on User interface software and technology},
	pages={615--620},
	year={2014}
}

@inproceedings{hong2015splitboard,
	title={SplitBoard: A simple split soft keyboard for wristwatch-sized touch screens},
	author={Hong, Jonggi and Heo, Seongkook and Isokoski, Poika and Lee, Geehyuk},
	booktitle={Proceedings of the 33rd Annual ACM Conference on Human Factors in Computing Systems},
	pages={1233--1236},
	year={2015}
}

@inproceedings{gupta2016dualkey,
	title={DualKey: miniature screen text entry via finger identification},
	author={Gupta, Aakar and Balakrishnan, Ravin},
	booktitle={Proceedings of the 2016 CHI Conference on Human Factors in Computing Systems},
	pages={59--70},
	year={2016}
}

@inproceedings{leiva2015text,
	title={Text entry on tiny qwerty soft keyboards},
	author={Leiva, Luis A and Sahami, Alireza and Catala, Alejandro and Henze, Niels and Schmidt, Albrecht},
	booktitle={Proceedings of the 33rd Annual ACM Conference on Human Factors in Computing Systems},
	pages={669--678},
	year={2015}
}

@inproceedings{shibata2016driftboard,
	title={DriftBoard: A panning-based text entry technique for ultra-small touchscreens},
	author={Shibata, Tomoki and Afergan, Daniel and Kong, Danielle and Yuksel, Beste F and MacKenzie, I Scott and Jacob, Robert JK},
	booktitle={Proceedings of the 29th Annual Symposium on User Interface Software and Technology},
	pages={575--582},
	year={2016}
}

@inproceedings{gong2018wristext,
	title={Wristext: One-handed text entry on smartwatch using wrist gestures},
	author={Gong, Jun and Xu, Zheer and Guo, Qifan and Seyed, Teddy and Chen, Xiang'Anthony' and Bi, Xiaojun and Yang, Xing-Dong},
	booktitle={Proceedings of the 2018 CHI Conference on Human Factors in Computing Systems},
	pages={1--14},
	year={2018}
}

@inproceedings{ni2011airstroke,
	title={AirStroke: bringing unistroke text entry to freehand gesture interfaces},
	author={Ni, Tao and Bowman, Doug and North, Chris},
	booktitle={Proceedings of the SIGCHI Conference on Human Factors in Computing Systems},
	pages={2473--2476},
	year={2011}
}

@inproceedings{kristensson2004shark2,
	title={SHARK2: a large vocabulary shorthand writing system for pen-based computers},
	author={Kristensson, Per-Ola and Zhai, Shumin},
	booktitle={Proceedings of the 17th annual ACM symposium on User interface software and technology},
	pages={43--52},
	year={2004}
}

@inproceedings{markussen2014vulture,
	title={Vulture: a mid-air word-gesture keyboard},
	author={Markussen, Anders and Jakobsen, Mikkel R{\o}nne and Hornb{\ae}k, Kasper},
	booktitle={Proceedings of the SIGCHI Conference on Human Factors in Computing Systems},
	pages={1073--1082},
	year={2014}
}

@article{point2011optitrack,
	title={Optitrack},
	author={Point, Natural},
	journal={Natural Point, Inc},
	year={2011}
}

@inproceedings{amma2012airwriting,
	title={Airwriting: Hands-free mobile text input by spotting and continuous recognition of 3D-space handwriting with inertial sensors},
	author={Amma, Christoph and Georgi, Marcus and Schultz, Tanja},
	booktitle={2012 16th International Symposium on Wearable Computers},
	pages={52--59},
	year={2012},
	organization={IEEE}
}

@inproceedings{zhou2008hand,
	title={Hand-written character recognition using MEMS motion sensing technology},
	author={Zhou, Shengli and Dong, Zhuxin and Li, Wen J and Kwong, Chung Ping},
	booktitle={2008 IEEE/ASME International Conference on Advanced Intelligent Mechatronics},
	pages={1418--1423},
	year={2008},
	organization={IEEE}
}

@article{devoe1967alternatives,
	title={Alternatives to handprinting in the manual entry of data},
	author={Devoe, Donald B},
	journal={IEEE Transactions on Human Factors in Electronics},
	number={1},
	pages={21--32},
	year={1967},
	publisher={IEEE}
}

@inproceedings{bajer2012huffman,
	title={Huffman base-4 text entry glove (H4 TEG)},
	author={Bajer, Bartosz and MacKenzie, I Scott and Baljko, Melanie},
	booktitle={2012 16th International Symposium on Wearable Computers},
	pages={41--47},
	year={2012},
	organization={IEEE}
}

@inproceedings{goldstein1999finger,
	title={Finger-joint gesture wearable keypad},
	author={Goldstein, Mikael and Chincholle, Didier},
	booktitle={second workshop on human computer interaction with mobile devices},
	year={1999}
}

@inproceedings{peshock2014argot,
	title={Argot: A wearable one-handed keyboard glove},
	author={Peshock, Anna and Duvall, Julia and Dunne, Lucy E},
	booktitle={Proceedings of the 2014 ACM international symposium on wearable computers: adjunct program},
	pages={87--92},
	year={2014}
}

@article{rosenberg1999chording,
	title={The chording glove: a glove-based text input device},
	author={Rosenberg, Robert and Slater, Mel},
	journal={IEEE Transactions on Systems, Man, and Cybernetics, Part C (Applications and Reviews)},
	volume={29},
	number={2},
	pages={186--191},
	year={1999},
	publisher={IEEE}
}

@article{seibel1962performance,
	title={Performance on a five-finger chord keyboard.},
	author={Seibel, R},
	journal={Journal of Applied Psychology},
	volume={46},
	number={3},
	pages={165},
	year={1962},
	publisher={American Psychological Association}
}

@article{whitmire2017digitouch,
	title={Digitouch: Reconfigurable thumb-to-finger input and text entry on head-mounted displays},
	author={Whitmire, Eric and Jain, Mohit and Jain, Divye and Nelson, Greg and Karkar, Ravi and Patel, Shwetak and Goel, Mayank},
	journal={Proceedings of the ACM on Interactive, Mobile, Wearable and Ubiquitous Technologies},
	volume={1},
	number={3},
	pages={1--21},
	year={2017},
	publisher={ACM New York, NY, USA}
}

@inproceedings{gummeson2014energy,
	title={An energy harvesting wearable ring platform for gestureinput on surfaces},
	author={Gummeson, Jeremy and Priyantha, Bodhi and Liu, Jie},
	booktitle={Proceedings of the 12th annual international conference on Mobile systems, applications, and services},
	pages={162--175},
	year={2014}
}

@article{zhang2017fingersound,
	title={FingerSound: Recognizing unistroke thumb gestures using a ring},
	author={Zhang, Cheng and Waghmare, Anandghan and Kundra, Pranav and Pu, Yiming and Gilliland, Scott and Ploetz, Thomas and Starner, Thad E and Inan, Omer T and Abowd, Gregory D},
	journal={Proceedings of the ACM on Interactive, Mobile, Wearable and Ubiquitous Technologies},
	volume={1},
	number={3},
	pages={1--19},
	year={2017},
	publisher={ACM New York, NY, USA}
}

@inproceedings{zhang2018fingerping,
	title={FingerPing: Recognizing fine-grained hand poses using active acoustic on-body sensing},
	author={Zhang, Cheng and Xue, Qiuyue and Waghmare, Anandghan and Meng, Ruichen and Jain, Sumeet and Han, Yizeng and Li, Xinyu and Cunefare, Kenneth and Ploetz, Thomas and Starner, Thad and others},
	booktitle={Proceedings of the 2018 CHI Conference on Human Factors in Computing Systems},
	pages={1--10},
	year={2018}
}

@inproceedings{kim2018thumbtext,
	title={Thumbtext: Text entry for wearable devices using a miniature ring},
	author={Kim, Junhyeok and Delamare, William and Irani, Pourang},
	booktitle={Graphics Interface},
	year={2018}
}

@inproceedings{xu2019tiptext,
	title={TipText: eyes-free text entry on a fingertip keyboard},
	author={Xu, Zheer and Wong, Pui Chung and Gong, Jun and Wu, Te-Yen and Nittala, Aditya Shekhar and Bi, Xiaojun and Steimle, J{\"u}rgen and Fu, Hongbo and Zhu, Kening and Yang, Xing-Dong},
	booktitle={Proceedings of the 32nd Annual ACM Symposium on User Interface Software and Technology},
	pages={883--899},
	year={2019}
}

@article{nirjon2015MobiSys,
	title={MobiSys 2015 - Proceedings of the 13th Annual International Conference on Mobile Systems, Applications, and Services},
	author={ Nirjon, Shahriar  and  Gummeson, J.  and  Gelb, D.  and  Kim, Kyu Han },
	year={2015},
}

@inproceedings{partridge2002tilttype,
	title={TiltType: accelerometer-supported text entry for very small devices},
	author={Partridge, Kurt and Chatterjee, Saurav and Sazawal, Vibha and Borriello, Gaetano and Want, Roy},
	booktitle={Proceedings of the 15th annual ACM symposium on User interface software and technology},
	pages={201--204},
	year={2002}
}

@inproceedings{zhong2018forceboard,
	title={Forceboard: Subtle text entry leveraging pressure},
	author={Zhong, Mingyuan and Yu, Chun and Wang, Qian and Xu, Xuhai and Shi, Yuanchun},
	booktitle={Proceedings of the 2018 CHI Conference on Human Factors in Computing Systems},
	pages={1--10},
	year={2018}
}

@inproceedings{kurauchi2016eyeswipe,
	title={EyeSwipe: Dwell-free text entry using gaze paths},
	author={Kurauchi, Andrew and Feng, Wenxin and Joshi, Ajjen and Morimoto, Carlos and Betke, Margrit},
	booktitle={Proceedings of the 2016 CHI Conference on Human Factors in Computing Systems},
	pages={1952--1956},
	year={2016}
}

@article{majaranta2007text,
	title={Text entry by gaze: Utilizing eye-tracking},
	author={Majaranta, P{\"a}ivi and R{\"a}ih{\"a}, Kari-Jouko},
	journal={Text entry systems: Mobility, accessibility, universality},
	pages={175--187},
	year={2007},
	publisher={San Francisco: Morgan Kaufmann}
}

@inproceedings{sarcar2013eyek,
	title={EyeK: an efficient dwell-free eye gaze-based text entry system},
	author={Sarcar, Sayan and Panwar, Prateek and Chakraborty, Tuhin},
	booktitle={Proceedings of the 11th asia pacific conference on computer human interaction},
	pages={215--220},
	year={2013}
}

@article{shilkrot2015digital,
	title={Digital digits: A comprehensive survey of finger augmentation devices},
	author={Shilkrot, Roy and Huber, Jochen and Steimle, J{\"u}rgen and Nanayakkara, Suranga and Maes, Pattie},
	journal={ACM Computing Surveys (CSUR)},
	volume={48},
	number={2},
	pages={1--29},
	year={2015},
	publisher={ACM New York, NY, USA}
}

@inproceedings{gupta2018asterisk,
	title={Asterisk and Obelisk: Motion Codes for Passive Tagging},
	author={Gupta, Aakar and Yang, Jiushan and Balakrishnan, Ravin},
	booktitle={Proceedings of the 31st Annual ACM Symposium on User Interface Software and Technology},
	pages={725--736},
	year={2018}
}

@inproceedings{ogata2012iring,
	title={iRing: intelligent ring using infrared reflection},
	author={Ogata, Masa and Sugiura, Yuta and Osawa, Hirotaka and Imai, Michita},
	booktitle={Proceedings of the 25th annual ACM symposium on User interface software and technology},
	pages={131--136},
	year={2012}
}

@article{tsukada2004ubi,
	title={Ubi-finger: A simple gesture input device for mobile and ubiquitous environment},
	author={Tsukada, Koji and Yasumura, Michiaki},
	journal={Journal of Asian Information, Science and Life (AISL)},
	volume={2},
	number={2},
	pages={111--120},
	year={2004},
	publisher={Citeseer}
}

@inproceedings{van2011finders,
	title={Finders/keepers: a longitudinal study of people managing information scraps in a micro-note tool},
	author={Van Kleek, Max G and Styke, Wolfe and Schraefel, MC and Karger, David},
	booktitle={Proceedings of the SIGCHI conference on human factors in computing systems},
	pages={2907--2916},
	year={2011}
}

@inproceedings{zhang2017fingorbits,
	title={FingOrbits: interaction with wearables using synchronized thumb movements},
	author={Zhang, Cheng and Wang, Xiaoxuan and Waghmare, Anandghan and Jain, Sumeet and Ploetz, Thomas and Inan, Omer T and Starner, Thad E and Abowd, Gregory D},
	booktitle={Proceedings of the 2017 ACM International Symposium on Wearable Computers},
	pages={62--65},
	year={2017}
}

@inproceedings{prattichizzo2010remotouch,
	title={Remotouch: A system for remote touch experience},
	author={Prattichizzo, Domenico and Chinello, Francesco and Pacchierotti, Claudio and Minamizawa, Kouta},
	booktitle={19th International Symposium in Robot and Human Interactive Communication},
	pages={676--679},
	year={2010},
	organization={IEEE}
}

@inproceedings{solazzi2010design,
	title={Design of a novel finger haptic interface for contact and orientation display},
	author={Solazzi, Massimiliano and Frisoli, Antonio and Bergamasco, Massimo},
	booktitle={2010 IEEE Haptics Symposium},
	pages={129--132},
	year={2010},
	organization={IEEE}
}

@inproceedings{ashbrook2011nenya,
	title={Nenya: subtle and eyes-free mobile input with a magnetically-tracked finger ring},
	author={Ashbrook, Daniel and Baudisch, Patrick and White, Sean},
	booktitle={Proceedings of the SIGCHI Conference on Human Factors in Computing Systems},
	pages={2043--2046},
	year={2011}
}

@inproceedings{chan2013fingerpad,
	title={FingerPad: private and subtle interaction using fingertips},
	author={Chan, Liwei and Liang, Rong-Hao and Tsai, Ming-Chang and Cheng, Kai-Yin and Su, Chao-Huai and Chen, Mike Y and Cheng, Wen-Huang and Chen, Bing-Yu},
	booktitle={Proceedings of the 26th annual ACM symposium on User interface software and technology},
	pages={255--260},
	year={2013}
}

@inproceedings{harrison2009abracadabra,
	title={Abracadabra: wireless, high-precision, and unpowered finger input for very small mobile devices},
	author={Harrison, Chris and Hudson, Scott E},
	booktitle={Proceedings of the 22nd annual ACM symposium on User interface software and technology},
	pages={121--124},
	year={2009}
}

@book{nguyen20153dtouch,
	title={3DTouch: A wearable 3D input device for 3D applications},
	author={Nguyen, Anh and Banic, Amy},
	year={2015},
	publisher={IEEE}
}

@article{zhang2017soundtrak,
	title={Soundtrak: Continuous 3d tracking of a finger using active acoustics},
	author={Zhang, Cheng and Xue, Qiuyue and Waghmare, Anandghan and Jain, Sumeet and Pu, Yiming and Hersek, Sinan and Lyons, Kent and Cunefare, Kenneth A and Inan, Omer T and Abowd, Gregory D},
	journal={Proceedings of the ACM on Interactive, Mobile, Wearable and Ubiquitous Technologies},
	volume={1},
	number={2},
	pages={1--25},
	year={2017},
	publisher={ACM New York, NY, USA}
}

@inproceedings{chen2013utrack,
	title={uTrack: 3D input using two magnetic sensors},
	author={Chen, Ke-Yu and Lyons, Kent and White, Sean and Patel, Shwetak},
	booktitle={Proceedings of the 26th annual ACM symposium on User interface software and technology},
	pages={237--244},
	year={2013}
}

@article{parizi2019auraring,
	title={AuraRing: Precise electromagnetic finger tracking},
	author={Parizi, Farshid Salemi and Whitmire, Eric and Patel, Shwetak},
	journal={Proceedings of the ACM on Interactive, Mobile, Wearable and Ubiquitous Technologies},
	volume={3},
	number={4},
	pages={1--28},
	year={2019},
	publisher={ACM New York, NY, USA}
}

@inproceedings{chan2015cyclopsring,
	title={Cyclopsring: Enabling whole-hand and context-aware interactions through a fisheye ring},
	author={Chan, Liwei and Chen, Yi-Ling and Hsieh, Chi-Hao and Liang, Rong-Hao and Chen, Bing-Yu},
	booktitle={Proceedings of the 28th Annual ACM Symposium on User Interface Software \& Technology},
	pages={549--556},
	year={2015}
}

@inproceedings{yang2012magic,
	title={Magic finger: always-available input through finger instrumentation},
	author={Yang, Xing-Dong and Grossman, Tovi and Wigdor, Daniel and Fitzmaurice, George},
	booktitle={Proceedings of the 25th annual ACM symposium on User interface software and technology},
	pages={147--156},
	year={2012}
}

@inproceedings{gordon2016watchwriter,
	title={WatchWriter: Tap and gesture typing on a smartwatch miniature keyboard with statistical decoding},
	author={Gordon, Mitchell and Ouyang, Tom and Zhai, Shumin},
	booktitle={Proceedings of the 2016 CHI Conference on Human Factors in Computing Systems},
	pages={3817--3821},
	year={2016}
}

@inproceedings{goodman2002language,
	title={Language modeling for soft keyboards},
	author={Goodman, Joshua and Venolia, Gina and Steury, Keith and Parker, Chauncey},
	booktitle={Proceedings of the 7th international conference on Intelligent user interfaces},
	pages={194--195},
	year={2002}
}

@inproceedings{ide2008american,
	title={The american national corpus: Then, now, and tomorrow},
	author={Ide, Nancy},
	booktitle={Selected Proceedings of the 2008 HCSNet Workshop on Designing the Australian National Corpus: Mustering Languages, Summerville, MA. Cascadilla Proceedings Project},
	year={2008}
}

@inproceedings{azenkot2012touch,
	title={Touch behavior with different postures on soft smartphone keyboards},
	author={Azenkot, Shiri and Zhai, Shumin},
	booktitle={Proceedings of the 14th international conference on Human-computer interaction with mobile devices and services},
	pages={251--260},
	year={2012}
}

@inproceedings{mackenzie2003phrase,
	title={Phrase sets for evaluating text entry techniques},
	author={MacKenzie, I Scott and Soukoreff, R William},
	booktitle={CHI'03 extended abstracts on Human factors in computing systems},
	pages={754--755},
	year={2003}
}

@inproceedings{findlater2011typing,
	title={Typing on flat glass: examining ten-finger expert typing patterns on touch surfaces},
	author={Findlater, Leah and Wobbrock, Jacob O and Wigdor, Daniel},
	booktitle={Proceedings of the SIGCHI conference on Human factors in computing systems},
	pages={2453--2462},
	year={2011}
}

@book{grandjean1997fitting,
	title={Fitting the task to the human: a textbook of occupational ergonomics},
	author={Grandjean, Etienne and Kroemer, Karl HE},
	year={1997},
	publisher={CRC press}
}

@inproceedings{nirjon2015typingring,
	title={Typingring: A wearable ring platform for text input},
	author={Nirjon, Shahriar and Gummeson, Jeremy and Gelb, Dan and Kim, Kyu-Han},
	booktitle={Proceedings of the 13th Annual International Conference on Mobile Systems, Applications, and Services},
	pages={227--239},
	year={2015}
}

@inproceedings{reyal2015performance,
	title={Performance and user experience of touchscreen and gesture keyboards in a lab setting and in the wild},
	author={Reyal, Shyam and Zhai, Shumin and Kristensson, Per Ola},
	booktitle={Proceedings of the 33rd Annual ACM Conference on Human Factors in Computing Systems},
	pages={679--688},
	year={2015},
	organization={ACM}
}

@inproceedings{2014-PalmRejection,
	title={Probabilistic palm rejection using spatiotemporal touch features and iterative classification},
	author={Schwarz, Julia and Xiao, Robert and Mankoff, Jennifer and Hudson, Scott E and Harrison, Chris},
	booktitle={Proceedings of the SIGCHI Conference on Human Factors in Computing Systems},
	pages={2009--2012},
	year={2014}
}

@misc{2001-PalmPressure,
	title={Palm pressure rejection method and apparatus for touchscreens},
	author={Goyins, Gregg S and Resman, Mark F},
	year={2001},
	month=jun # "~12",
	publisher={Google Patents},
	note={US Patent 6,246,395}
}

@misc{2006-PadUnint,
	title={Method for preventing unintended touch pad input due to accidental touching},
	author={Kaikuranta, Terho},
	year={2006},
	month=jan # "~10",
	publisher={Google Patents},
	note={US Patent 6,985,137}
}

@inproceedings{2009-BigKey,
	title={Bigkey: A virtual keyboard for mobile devices},
	author={Al Faraj, Khaldoun and Mojahid, Mustapha and Vigouroux, Nadine},
	booktitle={International Conference on Human-Computer Interaction},
	pages={3--10},
	year={2009},
	organization={Springer}
}

@misc{2013-PalmInput,
	title={Touch screen palm input rejection},
	author={Griffin, Jason Tyler},
	year={2013},
	month=nov # "~14",
	publisher={Google Patents},
	note={US Patent App. 13/469,354}
}

@inproceedings{2013-TapBoard,
	title={TapBoard: making a touch screen keyboard more touchable},
	author={Kim, Sunjun and Son, Jeongmin and Lee, Geehyuk and Kim, Hwan and Lee, Woohun},
	booktitle={Proceedings of the SIGCHI Conference on Human Factors in Computing Systems},
	pages={553--562},
	year={2013}
}

@article{2013-TouchDisplay,
	title={Touch displays: the effects of palm rejection technology on productivity, comfort, biomechanics and positioning},
	author={Camilleri, Matt J and Malige, Ajith and Fujimoto, Jeffrey and Rempel, David M},
	journal={Ergonomics},
	volume={56},
	number={12},
	pages={1850--1862},
	year={2013},
	publisher={Taylor \& Francis}
}

@incollection{2014-PenMightier,
	title={The pen is mightier: understanding stylus behaviour while inking on tablets},
	author={Annett, Michelle and Anderson, Fraser and Bischof, Walter F and Gupta, Anoop},
	booktitle={Proceedings of Graphics Interface 2014},
	pages={193--200},
	year={2014}
}

@article{2014-PenUnint,
	title={Exploring and understanding unintended touch during direct pen interaction},
	author={Annett, Michelle and Gupta, Anoop and Bischof, Walter F},
	journal={ACM Transactions on Computer-Human Interaction (TOCHI)},
	volume={21},
	number={5},
	pages={1--39},
	year={2014},
	publisher={ACM New York, NY, USA}
}

@inproceedings{2014-TacileFeedback,
	title={The typing performance and preference costs of reducing tactile feedback and tactile landmarks in tablet keyboards},
	author={Odell, Dan and Faggin, Eric},
	booktitle={Proceedings of the Human Factors and Ergonomics Society Annual Meeting},
	volume={58},
	number={1},
	pages={1790--1794},
	year={2014},
	organization={SAGE Publications Sage CA: Los Angeles, CA}
}

@inproceedings{2015-GestureOn,
	title={Gesture on: Enabling always-on touch gestures for fast mobile access from the device standby mode},
	author={Lu, Hao and Li, Yang},
	booktitle={Proceedings of the 33rd Annual ACM Conference on Human Factors in Computing Systems},
	pages={3355--3364},
	year={2015}
}

@inproceedings{2015-OnScreen,
	title={On-screen keyboards: does the presence of feedback or tactile landmarks improve typing performance?},
	author={Odell, Dan},
	booktitle={Proceedings of the 17th International Conference on Human-Computer Interaction with Mobile Devices and Services},
	pages={131--136},
	year={2015}
}

@inproceedings{2015-SpatialTouch,
	title={Tablets get physical: Non-visual text entry on tablet devices},
	author={Guerreiro, Jo{\~a}o and Rodrigues, Andr{\'e} and Montague, Kyle and Guerreiro, Tiago and Nicolau, Hugo and Gon{\c{c}}alves, Daniel},
	booktitle={Proceedings of the 33rd Annual ACM Conference on Human Factors in Computing Systems},
	pages={39--42},
	year={2015}
}

@inproceedings{2016-TapBoard2,
	title={Tapboard 2: Simple and effective touchpad-like interaction on a multi-touch surface keyboard},
	author={Kim, Sunjun and Lee, Geehyuk},
	booktitle={Proceedings of the 2016 CHI Conference on Human Factors in Computing Systems},
	pages={5163--5168},
	year={2016}
}

@inproceedings{2018-ForceTap,
	title={ForceTab: Visuo-haptic interaction with a force-sensitive actuated tablet},
	author={Maiero, Jens and Kruijff, Ernst and Hinkenjann, Andr{\'e} and Ghinea, Gheorghita},
	booktitle={2017 IEEE International Conference on Multimedia and Expo (ICME)},
	pages={169--174},
	year={2017},
	organization={IEEE}
}

@inproceedings{2018-ImpactActivation,
	title={Impact activation improves rapid button pressing},
	author={Kim, Sunjun and Lee, Byungjoo and Oulasvirta, Antti},
	booktitle={Proceedings of the 2018 CHI Conference on Human Factors in Computing Systems},
	pages={1--8},
	year={2018}
}

@inproceedings{2018-Neuromechanics,
	title={Neuromechanics of a button press},
	author={Oulasvirta, Antti and Kim, Sunjun and Lee, Byungjoo},
	booktitle={Proceedings of the 2018 CHI Conference on Human Factors in Computing Systems},
	pages={1--13},
	year={2018}
}

@inproceedings{2018-Observations,
	title={Observations on typing from 136 million keystrokes},
	author={Dhakal, Vivek and Feit, Anna Maria and Kristensson, Per Ola and Oulasvirta, Antti},
	booktitle={Proceedings of the 2018 CHI Conference on Human Factors in Computing Systems},
	pages={1--12},
	year={2018}
}

@inproceedings{2018-PalmTouch,
	title={PalmTouch: Using the Palm as an Additional Input Modality on Commodity Smartphones},
	author={Le, Huy Viet and Kosch, Thomas and Bader, Patrick and Mayer, Sven and Henze, Niels},
	booktitle={Proceedings of the 2018 CHI Conference on Human Factors in Computing Systems},
	pages={1--13},
	year={2018}
}

@inproceedings{2018-UbiK,
	title={Ubiquitous keyboard for small mobile devices: harnessing multipath fading for fine-grained keystroke localization},
	author={Wang, Junjue and Zhao, Kaichen and Zhang, Xinyu and Peng, Chunyi},
	booktitle={Proceedings of the 12th annual international conference on Mobile systems, applications, and services},
	pages={14--27},
	year={2014}
}

@article{2020-TabletopTouch,
	title={Recognizing Unintentional Touch on Interactive Tabletop},
	author={Xu, Xuhai and Yu, Chun and Wang, Yuntao and Shi, Yuanchun},
	journal={Proceedings of the ACM on Interactive, Mobile, Wearable and Ubiquitous Technologies},
	volume={4},
	number={1},
	pages={1--24},
	year={2020},
	publisher={ACM New York, NY, USA}
}

@inproceedings{2019-BeyondUnint,
	title={Investigating Unintended Inputs for One-Handed Touch Interaction Beyond the Touchscreen},
	author={Le, Huy Viet and Mayer, Sven and Steuerlein, Benedict and Henze, Niels},
	booktitle={Proceedings of the 21st International Conference on Human-Computer Interaction with Mobile Devices and Services},
	pages={1--14},
	year={2019}
}

@misc{2016-Classification,
	title={Classification of touch input as being unintended or intended},
	author={Durojaiye, Olumuyiwa M and Abzarian, David},
	year={2016},
	month=aug # "~30",
	publisher={Google Patents},
	note={US Patent 9,430,085}
}

@misc{2013-System,
	title={System and method for differentiating between intended and unintended user input on a touchpad},
	author={Rigazio, Luca and Kryze, David and Morin, Philippe and Tiffany, YUN},
	year={2013},
	month=aug # "~6",
	publisher={Google Patents},
	note={US Patent 8,502,787}
}

@misc{2013-Precluding,
	title={Method and apparatus for precluding operations associated with accidental touch inputs},
	author={Brakensiek, J{\"o}rg and Bose, Raja},
	year={2013},
	month=feb # "~28",
	publisher={Google Patents},
	note={US Patent App. 13/221,344}
}

@misc{2015-TouchScreen,
	title={Touch Screen with Unintended Input Prevention},
	author={Popescu, Valentin},
	year={2015},
	month=dec # "~17",
	publisher={Google Patents},
	note={US Patent App. 14/764,742}
}

@inproceedings{2017-HandContact,
	title={Hand contact shape recognition for posture-based tabletop widgets and interaction},
	author={Matulic, Fabrice and Vogel, Daniel and Dachselt, Raimund},
	booktitle={Proceedings of the 2017 ACM International Conference on Interactive Surfaces and Spaces},
	pages={3--11},
	year={2017}
}

@inproceedings{2019-PenTouch,
	title={Sensing posture-aware pen+ touch interaction on tablets},
	author={Zhang, Yang and Pahud, Michel and Holz, Christian and Xia, Haijun and Laput, Gierad and McGuffin, Michael and Tu, Xiao and Mittereder, Andrew and Su, Fei and Buxton, William and others},
	booktitle={Proceedings of the 2019 CHI Conference on Human Factors in Computing Systems},
	pages={1--14},
	year={2019}
}

@inproceedings{2006-TouchType,
	title={Touch\&Type: a novel pointing device for notebook computers},
	author={Fallot-Burghardt, Wolfgang and Fjeld, Morten and Speirs, C and Ziegenspeck, S and Krueger, Helmut and L{\"a}ubli, Thomas},
	booktitle={Proceedings of the 4th Nordic conference on Human-computer interaction: changing roles},
	pages={465--468},
	year={2006}
}

@inproceedings{2011-Stimtac,
	title={STIMTAC: a tactile input device with programmable friction},
	author={Amberg, Michel and Giraud, Fr{\'e}d{\'e}ric and Semail, Betty and Olivo, Paolo and Casiez, G{\'e}ry and Roussel, Nicolas},
	booktitle={Proceedings of the 24th annual ACM symposium adjunct on User interface software and technology},
	pages={7--8},
	year={2011}
}

@inproceedings{2010-TeslaTouch,
	title={TeslaTouch: electrovibration for touch surfaces},
	author={Bau, Olivier and Poupyrev, Ivan and Israr, Ali and Harrison, Chris},
	booktitle={Proceedings of the 23nd annual ACM symposium on User interface software and technology},
	pages={283--292},
	year={2010}
}

@inproceedings{2011-Enhancing,
	title={Enhancing physicality in touch interaction with programmable friction},
	author={Levesque, Vincent and Oram, Louise and MacLean, Karon and Cockburn, Andy and Marchuk, Nicholas D and Johnson, Dan and Colgate, J Edward and Peshkin, Michael A},
	booktitle={Proceedings of the SIGCHI Conference on Human Factors in Computing Systems},
	pages={2481--2490},
	year={2011}
}

@article{2008-Slap,
	title={Slap: Silicone illuminated active peripherals},
	author={Weiss, Malte and Jennings, Roger and Wagner, Julie and Khoshabeh, Ramsin and Hollan, James D and Borchers, Jan},
	journal={Ext. Abstracts of Tabletop},
	volume={8},
	year={2008},
	publisher={Citeseer}
}

@misc{2020-TouchFire,
	title = {The screen-top keyboard for ipad. },
	author = {TouchFire},
	howpublished = {Website},
	year={2015},
	note = {\url{https://www.kickstarter.com/projects/touchfire/touchfire-the-screen-top-keyboard-for-ipad}}
}

@inproceedings{tumer1996estimating,
	title={Estimating the Bayes error rate through classifier combining},
	author={Tumer, Kagan and Ghosh, Joydeep},
	booktitle={Proceedings of 13th International Conference on Pattern Recognition},
	volume={2},
	pages={695--699},
	year={1996},
	organization={IEEE}
}

@article{2018-SpeechVsSoftkeyboard,
	title={Comparing speech and keyboard text entry for short messages in two languages on touchscreen phones},
	author={Ruan, Sherry and Wobbrock, Jacob O and Liou, Kenny and Ng, Andrew and Landay, James A},
	journal={Proceedings of the ACM on Interactive, Mobile, Wearable and Ubiquitous Technologies},
	volume={1},
	number={4},
	pages={1--23},
	year={2018},
	publisher={ACM New York, NY, USA}
}

@article{2014-Differences,
	title={Differences in typing forces, muscle activity, comfort, and typing performance among virtual, notebook, and desktop keyboards},
	author={Kim, Jeong Ho and Aulck, Lovenoor and Bartha, Michael C and Harper, Christy A and Johnson, Peter W},
	journal={Applied ergonomics},
	volume={45},
	number={6},
	pages={1406--1413},
	year={2014},
	publisher={Elsevier}
}

@inproceedings{2018-Japanese,
	title={A Japanese Software Keyboard for Tablets that Reduces User Fatigue},
	author={Yajima, Teppei and Hosobe, Hiroshi},
	booktitle={2018 IEEE 42nd Annual Computer Software and Applications Conference (COMPSAC)},
	volume={1},
	pages={339--346},
	year={2018},
	organization={IEEE}
}

@article{2010-Warning,
	title={Warning: This keyboard will deconstruct—The role of the keyboard in skilled typewriting},
	author={Crump, Matthew JC and Logan, Gordon D},
	journal={Psychonomic bulletin \& review},
	volume={17},
	number={3},
	pages={394--399},
	year={2010},
	publisher={Springer}
}

@article{1995-Use,
	title={Use of tactile afferent information in sequential finger movements},
	author={Gordon, Andrew M and Soechting, John F},
	journal={Experimental brain research},
	volume={107},
	number={2},
	pages={281--292},
	year={1995},
	publisher={Springer}
}

@incollection{2011-Hierarchical,
	title={Hierarchical control of cognitive processes: The case for skilled typewriting},
	author={Logan, Gordon D and Crump, Matthew JC},
	booktitle={Psychology of learning and motivation},
	volume={54},
	pages={1--27},
	year={2011},
	publisher={Elsevier}
}

@misc{Website-Tactus, title={Tactus technology}, url={http://www.tactustechnology.com/}, journal={Tactus Technology}, year={2020}} 

@inproceedings{2015-Haptic,
	title={Haptic keyclick feedback improves typing speed and reduces typing errors on a flat keyboard},
	author={Ma, Zhaoyuan and Edge, Darren and Findlater, Leah and Tan, Hong Z},
	booktitle={2015 IEEE World Haptics Conference (WHC)},
	pages={220--227},
	year={2015},
	organization={IEEE}
}

@inproceedings{2010-NoLook,
	title={No-look notes: Accessible eyes-free multi-touch text entry},
	author={Bonner, Matthew N and Brudvik, Jeremy T and Abowd, Gregory D and Edwards, W Keith},
	booktitle={International Conference on Pervasive Computing},
	pages={409--426},
	year={2010},
	organization={Springer}
}

@inproceedings{2010-Eyes,
	title={Eyes-free text entry with error correction on touchscreen mobile devices},
	author={Tinwala, Hussain and MacKenzie, I Scott},
	booktitle={Proceedings of the 6th Nordic Conference on Human-Computer Interaction: Extending Boundaries},
	pages={511--520},
	year={2010}
}

@article{1991-Improving,
	title={Improving touchscreen keyboards: design issues and a comparison with other devices},
	author={Sears, Andrew},
	journal={Interacting with computers},
	volume={3},
	number={3},
	pages={253--269},
	year={1991},
	publisher={Oxford University Press Oxford, UK}
}

@article{2010-Keyboard,
	title={Keyboard performance: iPad versus Netbook},
	author={Chaparro, B and Nguyen, B and Phan, M and Smith, A and Teves, J},
	journal={Usability News},
	volume={12},
	number={2},
	pages={1--9},
	year={2010}
}

@inproceedings{2012-Amazing,
	title={Amazing forearm as an innovative interaction device and data storage on tabletop display},
	author={Koura, Seiya and Suo, Shunsuke and Kimura, Asako and Shibata, Fumihisa and Tamura, Hideyuki},
	booktitle={Proceedings of the 2012 ACM international conference on Interactive tabletops and surfaces},
	pages={383--386},
	year={2012}
}

@misc{Website-Morph, title={The Sensel Morph}, url={https://morph.sensel.com/}, journal={Morph Technology},year={2021}} 

@article{2018-Toast,
	title={TOAST: Ten-finger eyes-free typing on touchable surfaces},
	author={Shi, Weinan and Yu, Chun and Yi, Xin and Li, Zhen and Shi, Yuanchun},
	journal={Proceedings of the ACM on Interactive, Mobile, Wearable and Ubiquitous Technologies},
	volume={2},
	number={1},
	pages={1--23},
	year={2018},
	publisher={ACM New York, NY, USA}
}

@inproceedings{2015-Velocitap,
	title={VelociTap: Investigating fast mobile text entry using sentence-based decoding of touchscreen keyboard input},
	author={Vertanen, Keith and Memmi, Haythem and Emge, Justin and Reyal, Shyam and Kristensson, Per Ola},
	booktitle={Proceedings of the 33rd Annual ACM Conference on Human Factors in Computing Systems},
	pages={659--668},
	year={2015}
}

@inproceedings{2003-Metrics,
	title={Metrics for text entry research: An evaluation of MSD and KSPC, and a new unified error metric},
	author={Soukoreff, R William and MacKenzie, I Scott},
	booktitle={Proceedings of the SIGCHI conference on Human factors in computing systems},
	pages={113--120},
	year={2003}
}

@inproceedings{2017-Word,
	title={Word clarity as a metric in sampling keyboard test sets},
	author={Yi, Xin and Yu, Chun and Shi, Weinan and Bi, Xiaojun and Shi, Yuanchun},
	booktitle={Proceedings of the 2017 CHI Conference on Human Factors in Computing Systems},
	pages={4216--4228},
	year={2017}
}

@inproceedings{2011-Aligned,
	title={The aligned rank transform for nonparametric factorial analyses using only anova procedures},
	author={Wobbrock, Jacob O and Findlater, Leah and Gergle, Darren and Higgins, James J},
	booktitle={Proceedings of the SIGCHI conference on human factors in computing systems},
	pages={143--146},
	year={2011}
}

@misc{Website-Typing, title={Typing speed measurement.}, url={http://www.51dzt.com/test/}, journal={Typing Speed Measurement.},year = {2011}} 

@misc{Website-Pinyin, title={Pinyin.}, url={https://en.wikipedia.org/wiki/Pinyin}, journal={Pinyin.},year = {2021}} 

@inproceedings{2017-System,
	title={System latency guidelines then and now--is zero latency really considered necessary?},
	author={Attig, Christiane and Rauh, Nadine and Franke, Thomas and Krems, Josef F},
	booktitle={International Conference on Engineering Psychology and Cognitive Ergonomics},
	pages={3--14},
	year={2017},
	organization={Springer}
}

@article{2014-Towards,
	title={Towards the temporally perfect virtual button: touch-feedback simultaneity and perceived quality in mobile touchscreen press interactions},
	author={Kaaresoja, Topi and Brewster, Stephen and Lantz, Vuokko},
	journal={ACM Transactions on Applied Perception (TAP)},
	volume={11},
	number={2},
	pages={1--25},
	year={2014},
	publisher={ACM New York, NY, USA}
}

@phdthesis{2016-Latency,
	title={Latency guidelines for touchscreen virtual button feedback},
	author={Kaaresoja, Topi Johannes},
	year={2016},
	school={University of Glasgow}
}

@article{zhang2012microsoft,
	title={Microsoft kinect sensor and its effect},
	author={Zhang, Zhengyou},
	journal={IEEE multimedia},
	volume={19},
	number={2},
	pages={4--10},
	year={2012},
	publisher={IEEE}
}

@article{humpherys2012fresh,
	title={A fresh look at the Kalman filter},
	author={Humpherys, Jeffrey and Redd, Preston and West, Jeremy},
	journal={SIAM review},
	volume={54},
	number={4},
	pages={801--823},
	year={2012},
	publisher={SIAM}
}

@book{lewis1986optimal,
	title={Optimal estimation: with an introduction to stochastic control theory},
	author={Lewis, Frank L and Lewis, FL},
	year={1986},
	publisher={Wiley New York}
}

@article{bertsekas1997nonlinear,
	title={Nonlinear programming},
	author={Bertsekas, Dimitri P},
	journal={Journal of the Operational Research Society},
	volume={48},
	number={3},
	pages={334--334},
	year={1997},
	publisher={Taylor \& Francis}
}

@misc{vzilinskas2006practical,
	title={Practical mathematical optimization: An introduction to basic optimization theory and classical and new gradient-based algorithms},
	author={{\v{Z}}ilinskas, A},
	year={2006},
	publisher={JSTOR}
}

@book{atkinson2008introduction,
	title={An introduction to numerical analysis},
	author={Atkinson, Kendall E},
	year={2008},
	publisher={John wiley \& sons}
}

@article{bertsimas1993simulated,
	title={Simulated annealing},
	author={Bertsimas, Dimitris and Tsitsiklis, John},
	journal={Statistical science},
	volume={8},
	number={1},
	pages={10--15},
	year={1993},
	publisher={Institute of Mathematical Statistics}
}

@book{conn2000trust,
	title={Trust region methods},
	author={Conn, Andrew R and Gould, Nicholas IM and Toint, Philippe L},
	year={2000},
	publisher={SIAM}
}

@inproceedings{keselman2017intel,
	title={Intel realsense stereoscopic depth cameras},
	author={Keselman, Leonid and Iselin Woodfill, John and Grunnet-Jepsen, Anders and Bhowmik, Achintya},
	booktitle={Proceedings of the IEEE conference on computer vision and pattern recognition workshops},
	pages={1--10},
	year={2017}
}

@inproceedings{yu2017tap,
	title={Tap, dwell or gesture? Exploring head-based text entry techniques for HMDs},
	author={Yu, Chun and Gu, Yizheng and Yang, Zhican and Yi, Xin and Luo, Hengliang and Shi, Yuanchun},
	booktitle={Proceedings of the 2017 CHI Conference on Human Factors in Computing Systems},
	pages={4479--4488},
	year={2017}
}

@inproceedings{yu2019handsee,
	title={Handsee: enabling full hand interaction on smartphone with front camera-based stereo vision},
	author={Yu, Chun and Wei, Xiaoying and Vachher, Shubh and Qin, Yue and Liang, Chen and Weng, Yueting and Gu, Yizheng and Shi, Yuanchun},
	booktitle={Proceedings of the 2019 CHI Conference on Human Factors in Computing Systems},
	pages={1--13},
	year={2019}
}

@article{liu2020keep,
	title={Keep the Phone in Your Pocket: Enabling Smartphone Operation with an IMU Ring for Visually Impaired People},
	author={Liu, Guanhong and Gu, Yizheng and Yin, Yiwen and Yu, Chun and Wang, Yuntao and Mi, Haipeng and Shi, Yuanchun},
	journal={Proceedings of the ACM on Interactive, Mobile, Wearable and Ubiquitous Technologies},
	volume={4},
	number={2},
	pages={1--23},
	year={2020},
	publisher={ACM New York, NY, USA}
}

@inproceedings{arif2009analysis,
	title={Analysis of text entry performance metrics},
	author={Arif, Ahmed Sabbir and Stuerzlinger, Wolfgang},
	booktitle={2009 IEEE Toronto International Conference Science and Technology for Humanity (TIC-STH)},
	pages={100--105},
	year={2009},
	organization={IEEE}
}

@inproceedings{gong2020acustico,
	title={Acustico: Surface tap detection and localization using wrist-based acoustic tdoa sensing},
	author={Gong, Jun and Gupta, Aakar and Benko, Hrvoje},
	booktitle={Proceedings of the 33rd Annual ACM Symposium on User Interface Software and Technology},
	pages={406--419},
	year={2020}
}

@inproceedings{mujibiya2013sound,
	title={The sound of touch: on-body touch and gesture sensing based on transdermal ultrasound propagation},
	author={Mujibiya, Adiyan and Cao, Xiang and Tan, Desney S and Morris, Dan and Patel, Shwetak N and Rekimoto, Jun},
	booktitle={Proceedings of the 2013 ACM international conference on Interactive tabletops and surfaces},
	pages={189--198},
	year={2013}
}

@inproceedings{nakatani2011wearable,
	title={Wearable contact force sensor system based on fingerpad deformation},
	author={Nakatani, Masashi and Kawasoe, Tomoyuki and Shiojima, Kouzo and Koketsu, Kazumi and Kinoshita, Satoshi and Wada, Jun},
	booktitle={2011 IEEE World Haptics Conference},
	pages={323--328},
	year={2011},
	organization={IEEE}
}

@incollection{mistry2011mouseless,
	title={Mouseless: a computer mouse as small as invisible},
	author={Mistry, Pranav and Maes, Pattie},
	booktitle={CHI'11 Extended Abstracts on Human Factors in Computing Systems},
	pages={1099--1104},
	year={2011}
}

@inproceedings{xiao2013worldkit,
	title={WorldKit: rapid and easy creation of ad-hoc interactive applications on everyday surfaces},
	author={Xiao, Robert and Harrison, Chris and Hudson, Scott E},
	booktitle={Proceedings of the SIGCHI Conference on Human Factors in Computing Systems},
	pages={879--888},
	year={2013}
}

